// Standard Model

// Renormalization of the SM
@article{tHooft:1972fi,
  author         = {'t Hooft, Gerard and Veltman, M.J.G.},
  title          = {Regularization and Renormalization of Gauge Fields},
  journal        = {Nucl.Phys.},
  volume         = {B44},
  pages          = {189-213},
  doi            = {10.1016/0550-3213(72)90279-9},
  year           = {1972},
}

@article{tHooft:1972ue,
  author         = {'t Hooft, Gerard and Veltman, M.J.G.},
  title          = {{Combinatorics of gauge fields},
  journal        = {Nucl.Phys.},
  volume         = {B50},
  pages          = {318-353},
  doi            = {10.1016/S0550-3213(72)80021-X},
  year           = {1972}
}

// Higgs
@article{PhysRevLett.13.321,
  title = {Broken Symmetry and the Mass of Gauge Vector Mesons},
  author = {Englert, F. and Brout, R.},
  journal = {Phys. Rev. Lett.},
  volume = {13},
  issue = {9},
  pages = {321--323},
  numpages = {0},
  year = {1964},
  month = {Aug},
  publisher = {American Physical Society},
  doi = {10.1103/PhysRevLett.13.321},
  url = {http://link.aps.org/doi/10.1103/PhysRevLett.13.321}
}

@article{PhysRevLett.13.508,
  title = {Broken Symmetries and the Masses of Gauge Bosons},
  author = {Higgs, Peter W.},
  journal = {Phys. Rev. Lett.},
  volume = {13},
  issue = {16},
  pages = {508--509},
  numpages = {0},
  year = {1964},
  month = {Oct},
  publisher = {American Physical Society},
  doi = {10.1103/PhysRevLett.13.508},
  url = {http://link.aps.org/doi/10.1103/PhysRevLett.13.508}
}

@article{ALEPH:2010aa,
          author         = "LEP Electroweak Working Group",
          title          = "{Precision Electroweak Measurements and Constraints on
                        the Standard Model}",
          collaboration  = "ALEPH, CDF, D0, DELPHI, L3, OPAL, SLD, LEP Electroweak
                        Working Group, Tevatron Electroweak Working Group, SLD
                        Electroweak and Heavy Flavour Groups",
          year           = "2010",
          eprint         = "1012.2367",
          archivePrefix  = "arXiv",
          primaryClass   = "hep-ex",
          reportNumber   = "CERN-PH-EP-2010-095, FERMILAB-TM-2480-PPD,
                        LEPEWWG-2010-01, TEVEWWG-2010-01,
                        ALEPH-2010-001-PHYSICS-2010-001, CDF-NOTE-10338,
                        D0-NOTE-6130, DELPHI-DELPHI-2010-001-PHYS-952,
                        L3-NOTE-2837, OPAL-PR432, SLAC-PUB-14301",
          SLACcitation   = "%%CITATION = ARXIV:1012.2367;%%",
    }

// Higgs discovery
@article{Aad:2012tfa,
      author         = "Aad, Georges and others",
      title          = "{Observation of a new particle in the search for the
                    Standard Model Higgs boson with the ATLAS detector at the
                    LHC}",
      collaboration  = "ATLAS",
      journal        = "Phys.Lett.",
      volume         = "B716",
      pages          = "1-29",
      doi            = "10.1016/j.physletb.2012.08.020",
      year           = "2012",
      eprint         = "1207.7214",
      archivePrefix  = "arXiv",
      primaryClass   = "hep-ex",
      reportNumber   = "CERN-PH-EP-2012-218",
}

@article{Chatrchyan:2012ufa,
      author         = "Chatrchyan, Serguei and others",
      title          = "{Observation of a new boson at a mass of 125 GeV with the
                    CMS experiment at the LHC}",
      collaboration  = "CMS",
      journal        = "Phys.Lett.",
      volume         = "B716",
      pages          = "30-61",
      doi            = "10.1016/j.physletb.2012.08.021",
      year           = "2012",
      eprint         = "1207.7235",
      archivePrefix  = "arXiv",
      primaryClass   = "hep-ex",
      reportNumber   = "CMS-HIG-12-028, CERN-PH-EP-2012-220",
}

// Stat
@article{Kolmogorov,
    year={1950},
    title={Foundations of the Theory of Probability},
    url={http://dx.doi.org/10.1140/epjc/s10052-011-1554-0},
    publisher={Chelsea Publishing Company},
    author={Kolmogorov, A.N.},
}

@Comment @article{
@Comment     year={2015},
@Comment     issn={1434-6044},
@Comment     journal={The European Physical Journal C},
@Comment     eid={153},
@Comment     volume={75},
@Comment     number={4},
@Comment     doi={10.1140/epjc/s10052-015-3327-7},
@Comment     title={HistFitter software framework for statistical data analysis},
@Comment     url={http://dx.doi.org/10.1140/epjc/s10052-015-3327-7},
@Comment     publisher={Springer Berlin Heidelberg},
@Comment     author={Baak, M. and Besjes, G.J. and Côté, D. and Koutsman, A. and Lorenz, J. and Short, D.},
@Comment     language={English}
@Comment }

@article{AsymAprox,
    year={2011},
    issn={1434-6044},
    journal={The European Physical Journal C},
    eid={1554},
    volume={71},
    number={2},
    doi={10.1140/epjc/s10052-011-1554-0},
    title={Asymptotic formulae for likelihood-based tests of new physics},
    url={http://dx.doi.org/10.1140/epjc/s10052-011-1554-0},
    publisher={Springer-Verlag},
    author={Cowan, Glen and Cranmer, Kyle and Gross, Eilam and Vitells, Ofer},
    language={English}
}

@article{WilksTheo,
    author = "Wilks, S. S.",
    doi = "10.1214/aoms/1177732360",
    fjournal = "The Annals of Mathematical Statistics",
    journal = "Ann. Math. Statist.",
    month = "03",
    number = "1",
    pages = "60--62",
    publisher = "The Institute of Mathematical Statistics",
    title = "The Large-Sample Distribution of the Likelihood Ratio for Testing Composite Hypotheses",
    url = "http://dx.doi.org/10.1214/aoms/1177732360",
    volume = "9",
    year = "1938"
}

@article{WaldTheo,
     title = {Tests of Statistical Hypotheses Concerning Several Parameters When the Number of Observations is Large},
     author = {Wald, Abraham},
     journal = {Transactions of the American Mathematical Society},
     volume = {54},
     number = {3},
     jstor_formatteddate = {Nov., 1943},
     pages = {pp. 426-482},
     url = {http://www.jstor.org/stable/1990256},
     ISSN = {00029947},
     abstract = {},
     language = {English},
     year = {1943},
     publisher = {American Mathematical Society},
     copyright = {Copyright © 1943 American Mathematical Society},
}
